<?xml version="1.0" encoding="UTF-8"?>
<collection xmlns:xsi="http://www.w3.org/2001/XMLSchema-instance" xsi:schemaLocation="http://www.loc.gov/MARC21/slim http://www.loc.gov/standards/marcxml/schema/MARC21slim.xsd" xmlns="http://www.loc.gov/MARC21/slim">
<record>
  <leader>00907cam a2200253 a 4500</leader>
  <controlfield tag="001">494238</controlfield>
  <controlfield tag="003">NNC</controlfield>
  <controlfield tag="005">20130423125203.0</controlfield>
  <controlfield tag="008">860710r19841934ir a     d    000 0 ara d</controlfield>
  <datafield tag="035" ind1=" " ind2=" ">
    <subfield code="a">(OCoLC)14511464</subfield>
  </datafield>
  <datafield tag="035" ind1=" " ind2=" ">
    <subfield code="a">(OCoLC)ocm14511464</subfield>
  </datafield>
  <datafield tag="035" ind1=" " ind2=" ">
    <subfield code="a">(CStRLIN)NYCG86-B73042</subfield>
  </datafield>
  <datafield tag="035" ind1=" " ind2=" ">
    <subfield code="9">ACD5306CU</subfield>
  </datafield>
  <datafield tag="035" ind1=" " ind2=" ">
    <subfield code="a">(NNC)494238</subfield>
  </datafield>
  <datafield tag="040" ind1=" " ind2=" ">
    <subfield code="a">NjP</subfield>
    <subfield code="c">NjP</subfield>
  </datafield>
  <datafield tag="090" ind1=" " ind2=" ">
    <subfield code="a">PJ6622</subfield>
    <subfield code="b">.A18 1984</subfield>
  </datafield>
  <datafield tag="100" ind1="1" ind2=" ">
    <subfield code="a">ʻAbd al-Ḥamīd, Muḥammad Muḥyī al-Dīn.</subfield>
  </datafield>
  <datafield tag="245" ind1="1" ind2="0">
    <subfield code="a">Mukhtār min ṣiḥāḥ al-lughah /</subfield>
    <subfield code="c">taʾlīf Muḥammad Muḥyī al-Dīn ʻAbd al-Ḥamīd wa-Muḥammad ʻAbd al-Laṭīf al-Subkī.</subfield>
  </datafield>
  <datafield tag="250" ind1=" " ind2=" ">
    <subfield code="a">Chāp-i 1.</subfield>
  </datafield>
  <datafield tag="260" ind1=" " ind2=" ">
    <subfield code="a">Ṭihrān, Īrān :</subfield>
    <subfield code="b">Nāṣir-i Khusraw,</subfield>
    <subfield code="c">1363 [1984]</subfield>
  </datafield>
  <datafield tag="300" ind1=" " ind2=" ">
    <subfield code="a">16, 591 p. :</subfield>
    <subfield code="b">ill. ;</subfield>
    <subfield code="c">25 cm.</subfield>
  </datafield>
  <datafield tag="534" ind1=" " ind2=" ">
    <subfield code="p">Reprint. Originally published:</subfield>
    <subfield code="c">1934.</subfield>
  </datafield>
  <datafield tag="650" ind1=" " ind2="0">
    <subfield code="a">Arabic language</subfield>
    <subfield code="v">Dictionaries.</subfield>
  </datafield>
  <datafield tag="600" ind1="1" ind2="0">
    <subfield code="a">Subkī, Muḥammad ʻAbd al-Laṭīf,</subfield>
    <subfield code="d">-1969.</subfield>
  </datafield>
  <datafield tag="955" ind1=" " ind2=" ">
    <subfield code="b">0114015579</subfield>
    <subfield code="d">glx</subfield>
    <subfield code="e">PJ6622 .A18 1984</subfield>
  </datafield>
</record>
</collection>